%%%%%%%%%%%%%%%%%%%%%%%%%%%%%%%%%%%%%%%%%%%%%%%%%%%%%%%%%%%%%%%%%%%%%%%%%%%%%%%%%%%
%          					NOvA: CC Charged Pion 
%%%%%%%%%%%%%%%%%%%%%%%%%%%%%%%%%%%%%%%%%%%%%%%%%%%%%%%%%%%%%%%%%%%%%%%%%%%%%%%%%%%
@misc{ccpiArisDPFtalk,
      author         = "Aristeidis Tsaris",
      title          = "{CC pi+- cross section DPF 2017 Talk}",
      howpublished = {Available at \url{https://nova-docdb.fnal.gov/cgi-bin/private/ShowDocument?docid=21923} (August 22nd, 2018)}
}

@misc{ccpiArisDPFblessingpack,
      author         = "Aristeidis Tsaris",
      title          = "{CC pi+- cross section DPF 2017 Blessing package}",
      howpublished = {Available at \url{https://nova-docdb.fnal.gov/cgi-bin/private/ShowDocument?docid=21878} (August 22nd, 2018)}
}

@misc{ccpiArisNDTalk1,
      author         = "Aristeidis Tsaris",
      title          = "{Recent talk on Numu CC charged pion xsec }",
      howpublished = {Available at \url{https://nova-docdb.fnal.gov/cgi-bin/private/ShowDocument?docid=311748} (August 22nd, 2018)}
}

@misc{ccpiArisNDTalk2,
      author         = "Aristeidis Tsaris",
      title          = "{Recent talk on Numu CC charged pion xsec }",
      howpublished = {Available at \url{https://nova-docdb.fnal.gov/cgi-bin/private/ShowDocument?docid=31399} (August 22nd, 2018)}
}



%%%%%%%%%%%%%%%%%%%%%%%%%%%%%%%%%%%%%%%%%%%%%%%%%%%%%%%%%%%%%%%%%%%%%%%%%%%%%%%%%%%
%          					NOvA: CC Charged Pion 
%%%%%%%%%%%%%%%%%%%%%%%%%%%%%%%%%%%%%%%%%%%%%%%%%%%%%%%%%%%%%%%%%%%%%%%%%%%%%%%%%%%
@misc{protonIDMerritt,
      author         = "Hayes Merritt",
      title          = "{Proton Reconstruction At the Near Detector Using BreakPointFitter}",
      howpublished = {Available at \url{https://nova-docdb.fnal.gov/cgi-bin/private/ShowDocument?docid=13205} (August 22nd, 2018)}
}



%%%%%%%%%%%%%%%%%%%%%%%%%%%%%%%%%%%%%%%%%%%%%%%%%%%%%%%%%%%%%%%%%%%%%%%%%%%%%%%%%%%
%          				MINERvA: Multinucleon 
%%%%%%%%%%%%%%%%%%%%%%%%%%%%%%%%%%%%%%%%%%%%%%%%%%%%%%%%%%%%%%%%%%%%%%%%%%%%%%%%%%%

@misc{mnvWCRodriguesMultinucleon,
      author         = "Phil Rodrigues",
      title          = "{Identification of multinucleon effects in neutrino-carbon interactions at MINERvA} or the RPA+MEC wine and cheese",
      howpublished = {Slides available at \url{http://minerva-docdb.fnal.gov/cgi-bin/ShowDocument?docid=11676}, video available at \url{http://vms.fnal.gov/asset/detail?recid=1939093} (August 22nd, 2018)}
}

@article{Rodrigues:2015hik,
      author         = "Rodrigues, P. A. and others",
      title          = "{Identification of nuclear effects in neutrino-carbon
                        interactions at low three-momentum transfer}",
      collaboration  = "MINERvA",
      journal        = "Phys. Rev. Lett.",
      volume         = "116",
      year           = "2016",
      pages          = "071802",
      doi            = "10.1103/PhysRevLett.116.071802",
      eprint         = "1511.05944",
      archivePrefix  = "arXiv",
      primaryClass   = "hep-ex",
      reportNumber   = "FERMILAB-PUB-15-498-ND",
      SLACcitation   = "%%CITATION = ARXIV:1511.05944;%%",
      url			 = "https://arxiv.org/pdf/1511.05944.pdf"
}



%%%%%%%%%%%%%%%%%%%%%%%%%%%%%%%%%%%%%%%%%%%%%%%%%%%%%%%%%%%%%%%%%%%%%%%%%%%%%%%%%%%
%          				MINERvA: Cross sections 
%%%%%%%%%%%%%%%%%%%%%%%%%%%%%%%%%%%%%%%%%%%%%%%%%%%%%%%%%%%%%%%%%%%%%%%%%%%%%%%%%%%
@article{Patrick:2018gvi,
      author         = "Patrick, C. E. and others",
      title          = "{Measurement of the Muon Antineutrino Double-Differential
                        Cross Section for Quasielastic-like Scattering on
                        Hydrocarbon at $E_\nu \sim 3.5$GeV}",
      collaboration  = "MINERvA",
      journal        = "Phys. Rev.",
      volume         = "D97",
      year           = "2018",
      number         = "5",
      pages          = "052002",
      doi            = "10.1103/PhysRevD.97.052002",
      eprint         = "1801.01197",
      archivePrefix  = "arXiv",
      primaryClass   = "hep-ex",
      reportNumber   = "FERMILAB-PUB-18-002-CD-ND",
      SLACcitation   = "%%CITATION = ARXIV:1801.01197;%%",
      url			 = "https://arxiv.org/pdf/1801.01197.pdf"
}








%%%%%%%%%%%%%%%%%    SAMPLE     %%%%%%%%%%%%%%%%%%%%
@article{DPFtalk,
      author         = "Altmannshofer, Wolfgang and Gori, Stefania and Pospelov,
                        Maxim and Yavin, Itay",
      title          = "{CC pi+- cross section DPF 2017 talk}",
      journal        = "Phys. Rev. Lett.",
      volume         = "113",
      year           = "2014",
      pages          = "091801",
      doi            = "10.1103/PhysRevLett.113.091801",
      eprint         = "1406.2332",
      archivePrefix  = "arXiv",
      primaryClass   = "hep-ph",
      SLACcitation   = "%%CITATION = ARXIV:1406.2332;%%"
}